@article{roy2024rpcadpd,
  title={Robust Principal Component Analysis using Density Power Divergence},
  author={Roy, Subhrajyoty and Basu, Ayanendranath and Ghosh, Abhik},
  journal={Journal of Machine Learning Research},
  volume={25},
  number={324},
  pages={1--40},
  year={2024}
}

@article{roy2024rsvddpd,
  title={Robust singular value decomposition with application to video surveillance background modelling},
  author={Roy, Subhrajyoty and Ghosh, Abhik and Basu, Ayanendranath},
  journal={Statistics and Computing},
  volume={34},
  number={5},
  pages={178},
  year={2024},
  publisher={Springer}
}

@article{pyne2024robust,
  title={Robust and efficient estimation in ordinal response models using the density power divergence},
  author={Pyne, Arijit and Roy, Subhrajyoty and Ghosh, Abhik and Basu, Ayanendranath},
  journal={Statistics},
  volume={58},
  number={3},
  pages={481--520},
  year={2024},
  publisher={Taylor \& Francis}
}

@article{bhaduri2022rough,
  title={Rough-Fuzzy CPD: a gradual change point detection algorithm},
  author={Bhaduri, Ritwik and Roy, Subhrajyoty and Pal, Sankar K},
  journal={Journal of Data, Information and Management},
  volume={4},
  number={3},
  pages={243--266},
  year={2022},
  publisher={Springer International Publishing Cham}
}

@article{ghatak2022generalized,
  title={A generalized epidemiological model with dynamic and asymptomatic population},
  author={Ghatak, Anirban and Singh Patel, Shivshanker and Bonnerjee, Soham and Roy, Subhrajyoty},
  journal={Statistical Methods in Medical Research},
  volume={31},
  number={11},
  pages={2137--2163},
  year={2022},
  publisher={SAGE Publications Sage UK: London, England}
}


@article{roy2020pollution,
  title={Analysis of Pollution Patterns in Regions of Kolkata},
  author={Roy, Subhrajyoty and Sengupta, Debasis and Rudra, Kalyan and Saha, Udit Surya},
  journal={Calcutta Statistical Association Bulletin},
  volume={72},
  number={2},
  pages={133--170},
  year={2020},
  publisher={SAGE Publications Sage India: New Delhi, India}
}

@misc{deb2024nonparametric,
  title={Nonparametric quantile regression for spatio-temporal processes},
  author={Deb, Soudeep and Neves, Claudia and Roy, Subhrajyoty},
  journal={arXiv preprint arXiv:2405.13783},
  year={2024}
}

@misc{roy2024trustworthy,
  title={Trustworthy Dimensionality Reduction},
  author={Roy, Subhrajyoty},
  journal={arXiv preprint arXiv:2405.05868},
  year={2024}
}

@misc{roy2023breakdown,
  title={Asymptotic Breakdown Point Analysis for a General Class of Minimum Divergence Estimators},
  author={Roy, Subhrajyoty and Sarkar, Abir and Ghosh, Abhik and Basu, Ayanendranath},
  journal={arXiv preprint arXiv:2304.07466},
  year={2023}
}

@misc{dalal2020information,
  title={The Information Content of Taster's Valuation in Tea Auctions of India},
  author={Dalal, Abhinandan and Mukherjee, Diganta and Roy, Subhrajyoty},
  journal={arXiv preprint arXiv:2005.02814},
  year={2020}
}

@misc{bhaduri2019onset,
  title={Onset detection: A new approach to QBH system},
  author={Bhaduri, Ritwik and Bonnerjee, Soham and Roy, Subhrajyoty},
  journal={arXiv preprint arXiv:1908.07409},
  year={2019}
}


@manual{rsvddpd-package,
     title = {rsvddpd: Robust Singular Value Decomposition using Density Power Divergence},
     author = {Subhrajyoty Roy},
     year = {2021},
     note = {R package version 1.0.0},
     url = {https://CRAN.R-project.org/package=rsvddpd},
}

@manual{decompy-package,
     title = {decompy: Python package for robust algorithms of matrix decomposition and analysis},
     author = {Subhrajyoty Roy},
     year = {2024},
     note = {Python package version 1.1.1},
     url = {https://pypi.org/project/decompy/},
}

